Biliographie au format BibTeX
Voir GNU/Linux Magazine France Mai 2006 (N°83)
latex fichier.tex
bibtex fichier     (utilise fichier.aux et donne fichier.bbl)
latex fichier.tex
latex fichier.tex

@Book{,
  author = 	 {Perez, José-Philippe},
  title = 	 {Optique},
  publisher = 	 {Dunod},
  year = 	 {2000},
}


