@Book{bocquet02:_toutelameca,
  author =	 {Bocquet, Lydéric and Faroux, Jean-Pierre and Renault, Jacques},
  title = 	 {Toute la Mécanique - MPSI-PCSI, MP-PC-PSI - Cours et exercices corrigés},
  publisher = 	 {Dunod},
  year = 	 2002,
  edition =	 {J'intègre}
}

